%YAML 1.1
%TAG !u! tag:unity3d.com,2011:
--- !u!1 &8996657379652765976
GameObject:
  m_ObjectHideFlags: 0
  m_CorrespondingSourceObject: {fileID: 0}
  m_PrefabInstance: {fileID: 0}
  m_PrefabAsset: {fileID: 0}
  serializedVersion: 6
  m_Component:
  - component: {fileID: 8996657379652765983}
  m_Layer: 0
  m_Name: Meble
  m_TagString: Untagged
  m_Icon: {fileID: 0}
  m_NavMeshLayer: 0
  m_StaticEditorFlags: 0
  m_IsActive: 1
--- !u!4 &8996657379652765983
Transform:
  m_ObjectHideFlags: 0
  m_CorrespondingSourceObject: {fileID: 0}
  m_PrefabInstance: {fileID: 0}
  m_PrefabAsset: {fileID: 0}
  m_GameObject: {fileID: 8996657379652765976}
  m_LocalRotation: {x: 0, y: 0, z: 0, w: 1}
  m_LocalPosition: {x: -5.317038, y: 2.9139662, z: -16.531366}
  m_LocalScale: {x: 1, y: 1, z: 1}
  m_Children:
  - {fileID: 6813481870843026565}
  - {fileID: 4351159267742403231}
  - {fileID: 996733459280974491}
  - {fileID: 1305526884782489713}
  - {fileID: 1305526885128816360}
  - {fileID: 1305526884354011851}
  - {fileID: 1305526884184342343}
  - {fileID: 996733458469027618}
  - {fileID: 996733459778911827}
  - {fileID: 996733459229231324}
  - {fileID: 4351159267550327609}
  - {fileID: 996733458649149802}
  - {fileID: 996733459307579280}
  - {fileID: 6813481872767865630}
  - {fileID: 1305526883495286303}
  - {fileID: 1305526885176900861}
  - {fileID: 1305526884961981578}
  - {fileID: 1305526884114492984}
  - {fileID: 996733457931932938}
  m_Father: {fileID: 0}
  m_RootOrder: 0
  m_LocalEulerAnglesHint: {x: 0, y: 0, z: 0}
--- !u!1001 &8996657378006676083
PrefabInstance:
  m_ObjectHideFlags: 0
  serializedVersion: 2
  m_Modification:
    m_TransformParent: {fileID: 8996657379652765983}
    m_Modifications:
    - target: {fileID: 8146897328669129391, guid: eaa60d4eee2c18143b55501cd0a2e03c,
        type: 3}
      propertyPath: m_LocalPosition.x
      value: 1.087038
      objectReference: {fileID: 0}
    - target: {fileID: 8146897328669129391, guid: eaa60d4eee2c18143b55501cd0a2e03c,
        type: 3}
      propertyPath: m_LocalPosition.y
      value: -0.00022506714
      objectReference: {fileID: 0}
    - target: {fileID: 8146897328669129391, guid: eaa60d4eee2c18143b55501cd0a2e03c,
        type: 3}
      propertyPath: m_LocalPosition.z
      value: -16.507635
      objectReference: {fileID: 0}
    - target: {fileID: 8146897328669129391, guid: eaa60d4eee2c18143b55501cd0a2e03c,
        type: 3}
      propertyPath: m_LocalRotation.x
      value: -0
      objectReference: {fileID: 0}
    - target: {fileID: 8146897328669129391, guid: eaa60d4eee2c18143b55501cd0a2e03c,
        type: 3}
      propertyPath: m_LocalRotation.y
      value: -0
      objectReference: {fileID: 0}
    - target: {fileID: 8146897328669129391, guid: eaa60d4eee2c18143b55501cd0a2e03c,
        type: 3}
      propertyPath: m_LocalRotation.z
      value: -0
      objectReference: {fileID: 0}
    - target: {fileID: 8146897328669129391, guid: eaa60d4eee2c18143b55501cd0a2e03c,
        type: 3}
      propertyPath: m_LocalRotation.w
      value: 1
      objectReference: {fileID: 0}
    - target: {fileID: 8146897328669129391, guid: eaa60d4eee2c18143b55501cd0a2e03c,
        type: 3}
      propertyPath: m_RootOrder
      value: 9
      objectReference: {fileID: 0}
    - target: {fileID: 8146897328669129391, guid: eaa60d4eee2c18143b55501cd0a2e03c,
        type: 3}
      propertyPath: m_LocalEulerAnglesHint.x
      value: 0
      objectReference: {fileID: 0}
    - target: {fileID: 8146897328669129391, guid: eaa60d4eee2c18143b55501cd0a2e03c,
        type: 3}
      propertyPath: m_LocalEulerAnglesHint.y
      value: 0
      objectReference: {fileID: 0}
    - target: {fileID: 8146897328669129391, guid: eaa60d4eee2c18143b55501cd0a2e03c,
        type: 3}
      propertyPath: m_LocalEulerAnglesHint.z
      value: 0
      objectReference: {fileID: 0}
    - target: {fileID: 8810245215573418005, guid: eaa60d4eee2c18143b55501cd0a2e03c,
        type: 3}
      propertyPath: m_Name
      value: stolik (3)
      objectReference: {fileID: 0}
    m_RemovedComponents: []
  m_SourcePrefab: {fileID: 100100000, guid: eaa60d4eee2c18143b55501cd0a2e03c, type: 3}
--- !u!4 &996733459229231324 stripped
Transform:
  m_CorrespondingSourceObject: {fileID: 8146897328669129391, guid: eaa60d4eee2c18143b55501cd0a2e03c,
    type: 3}
  m_PrefabInstance: {fileID: 8996657378006676083}
  m_PrefabAsset: {fileID: 0}
--- !u!1001 &8996657378087151239
PrefabInstance:
  m_ObjectHideFlags: 0
  serializedVersion: 2
  m_Modification:
    m_TransformParent: {fileID: 8996657379652765983}
    m_Modifications:
    - target: {fileID: 2473836917958669721, guid: 5ee5e00267fdd8046adba418e3fb67b7,
        type: 3}
      propertyPath: m_LocalPosition.x
      value: -6.9809623
      objectReference: {fileID: 0}
    - target: {fileID: 2473836917958669721, guid: 5ee5e00267fdd8046adba418e3fb67b7,
        type: 3}
      propertyPath: m_LocalPosition.y
      value: 0.4507339
      objectReference: {fileID: 0}
    - target: {fileID: 2473836917958669721, guid: 5ee5e00267fdd8046adba418e3fb67b7,
        type: 3}
      propertyPath: m_LocalPosition.z
      value: -24.942904
      objectReference: {fileID: 0}
    - target: {fileID: 2473836917958669721, guid: 5ee5e00267fdd8046adba418e3fb67b7,
        type: 3}
      propertyPath: m_LocalRotation.x
      value: 0
      objectReference: {fileID: 0}
    - target: {fileID: 2473836917958669721, guid: 5ee5e00267fdd8046adba418e3fb67b7,
        type: 3}
      propertyPath: m_LocalRotation.y
      value: 0.99908596
      objectReference: {fileID: 0}
    - target: {fileID: 2473836917958669721, guid: 5ee5e00267fdd8046adba418e3fb67b7,
        type: 3}
      propertyPath: m_LocalRotation.z
      value: -0
      objectReference: {fileID: 0}
    - target: {fileID: 2473836917958669721, guid: 5ee5e00267fdd8046adba418e3fb67b7,
        type: 3}
      propertyPath: m_LocalRotation.w
      value: -0.04274743
      objectReference: {fileID: 0}
    - target: {fileID: 2473836917958669721, guid: 5ee5e00267fdd8046adba418e3fb67b7,
        type: 3}
      propertyPath: m_RootOrder
      value: 13
      objectReference: {fileID: 0}
    - target: {fileID: 2473836917958669721, guid: 5ee5e00267fdd8046adba418e3fb67b7,
        type: 3}
      propertyPath: m_LocalEulerAnglesHint.x
      value: 0
      objectReference: {fileID: 0}
    - target: {fileID: 2473836917958669721, guid: 5ee5e00267fdd8046adba418e3fb67b7,
        type: 3}
      propertyPath: m_LocalEulerAnglesHint.y
      value: 184.9
      objectReference: {fileID: 0}
    - target: {fileID: 2473836917958669721, guid: 5ee5e00267fdd8046adba418e3fb67b7,
        type: 3}
      propertyPath: m_LocalEulerAnglesHint.z
      value: 0
      objectReference: {fileID: 0}
    - target: {fileID: 2963092841491607331, guid: 5ee5e00267fdd8046adba418e3fb67b7,
        type: 3}
      propertyPath: m_Name
      value: radio (1)
      objectReference: {fileID: 0}
    m_RemovedComponents: []
  m_SourcePrefab: {fileID: 100100000, guid: 5ee5e00267fdd8046adba418e3fb67b7, type: 3}
--- !u!4 &6813481872767865630 stripped
Transform:
  m_CorrespondingSourceObject: {fileID: 2473836917958669721, guid: 5ee5e00267fdd8046adba418e3fb67b7,
    type: 3}
  m_PrefabInstance: {fileID: 8996657378087151239}
  m_PrefabAsset: {fileID: 0}
--- !u!1001 &8996657378102922507
PrefabInstance:
  m_ObjectHideFlags: 0
  serializedVersion: 2
  m_Modification:
    m_TransformParent: {fileID: 8996657379652765983}
    m_Modifications:
    - target: {fileID: 7318196958731905270, guid: 5ec775a8f75459840b913307bd27d9cf,
        type: 3}
      propertyPath: m_Name
      value: krzeslo (4)
      objectReference: {fileID: 0}
    - target: {fileID: 7981686893362246220, guid: 5ec775a8f75459840b913307bd27d9cf,
        type: 3}
      propertyPath: m_LocalPosition.x
      value: 8.927038
      objectReference: {fileID: 0}
    - target: {fileID: 7981686893362246220, guid: 5ec775a8f75459840b913307bd27d9cf,
        type: 3}
      propertyPath: m_LocalPosition.y
      value: 0.55103374
      objectReference: {fileID: 0}
    - target: {fileID: 7981686893362246220, guid: 5ec775a8f75459840b913307bd27d9cf,
        type: 3}
      propertyPath: m_LocalPosition.z
      value: -1.5186329
      objectReference: {fileID: 0}
    - target: {fileID: 7981686893362246220, guid: 5ec775a8f75459840b913307bd27d9cf,
        type: 3}
      propertyPath: m_LocalRotation.x
      value: 0.7071068
      objectReference: {fileID: 0}
    - target: {fileID: 7981686893362246220, guid: 5ec775a8f75459840b913307bd27d9cf,
        type: 3}
      propertyPath: m_LocalRotation.y
      value: -0
      objectReference: {fileID: 0}
    - target: {fileID: 7981686893362246220, guid: 5ec775a8f75459840b913307bd27d9cf,
        type: 3}
      propertyPath: m_LocalRotation.z
      value: -0
      objectReference: {fileID: 0}
    - target: {fileID: 7981686893362246220, guid: 5ec775a8f75459840b913307bd27d9cf,
        type: 3}
      propertyPath: m_LocalRotation.w
      value: 0.7071068
      objectReference: {fileID: 0}
    - target: {fileID: 7981686893362246220, guid: 5ec775a8f75459840b913307bd27d9cf,
        type: 3}
      propertyPath: m_RootOrder
      value: 6
      objectReference: {fileID: 0}
    - target: {fileID: 7981686893362246220, guid: 5ec775a8f75459840b913307bd27d9cf,
        type: 3}
      propertyPath: m_LocalEulerAnglesHint.x
      value: 90
      objectReference: {fileID: 0}
    - target: {fileID: 7981686893362246220, guid: 5ec775a8f75459840b913307bd27d9cf,
        type: 3}
      propertyPath: m_LocalEulerAnglesHint.y
      value: 0
      objectReference: {fileID: 0}
    - target: {fileID: 7981686893362246220, guid: 5ec775a8f75459840b913307bd27d9cf,
        type: 3}
      propertyPath: m_LocalEulerAnglesHint.z
      value: 0
      objectReference: {fileID: 0}
    - target: {fileID: 7981686893362246220, guid: 5ec775a8f75459840b913307bd27d9cf,
        type: 3}
      propertyPath: m_LocalScale.y
      value: 0.010999999
      objectReference: {fileID: 0}
    - target: {fileID: 7981686893362246220, guid: 5ec775a8f75459840b913307bd27d9cf,
        type: 3}
      propertyPath: m_LocalScale.z
      value: 0.010999999
      objectReference: {fileID: 0}
    m_RemovedComponents: []
  m_SourcePrefab: {fileID: 100100000, guid: 5ec775a8f75459840b913307bd27d9cf, type: 3}
--- !u!4 &1305526884184342343 stripped
Transform:
  m_CorrespondingSourceObject: {fileID: 7981686893362246220, guid: 5ec775a8f75459840b913307bd27d9cf,
    type: 3}
  m_PrefabInstance: {fileID: 8996657378102922507}
  m_PrefabAsset: {fileID: 0}
--- !u!1001 &8996657378201682055
PrefabInstance:
  m_ObjectHideFlags: 0
  serializedVersion: 2
  m_Modification:
    m_TransformParent: {fileID: 8996657379652765983}
    m_Modifications:
    - target: {fileID: 7318196958731905270, guid: 5ec775a8f75459840b913307bd27d9cf,
        type: 3}
      propertyPath: m_Name
      value: krzeslo (2)
      objectReference: {fileID: 0}
    - target: {fileID: 7981686893362246220, guid: 5ec775a8f75459840b913307bd27d9cf,
        type: 3}
      propertyPath: m_LocalPosition.x
      value: 11.177038
      objectReference: {fileID: 0}
    - target: {fileID: 7981686893362246220, guid: 5ec775a8f75459840b913307bd27d9cf,
        type: 3}
      propertyPath: m_LocalPosition.y
      value: 0.55103374
      objectReference: {fileID: 0}
    - target: {fileID: 7981686893362246220, guid: 5ec775a8f75459840b913307bd27d9cf,
        type: 3}
      propertyPath: m_LocalPosition.z
      value: -1.5186329
      objectReference: {fileID: 0}
    - target: {fileID: 7981686893362246220, guid: 5ec775a8f75459840b913307bd27d9cf,
        type: 3}
      propertyPath: m_LocalRotation.x
      value: 0.7071068
      objectReference: {fileID: 0}
    - target: {fileID: 7981686893362246220, guid: 5ec775a8f75459840b913307bd27d9cf,
        type: 3}
      propertyPath: m_LocalRotation.y
      value: -0
      objectReference: {fileID: 0}
    - target: {fileID: 7981686893362246220, guid: 5ec775a8f75459840b913307bd27d9cf,
        type: 3}
      propertyPath: m_LocalRotation.z
      value: -0
      objectReference: {fileID: 0}
    - target: {fileID: 7981686893362246220, guid: 5ec775a8f75459840b913307bd27d9cf,
        type: 3}
      propertyPath: m_LocalRotation.w
      value: 0.7071068
      objectReference: {fileID: 0}
    - target: {fileID: 7981686893362246220, guid: 5ec775a8f75459840b913307bd27d9cf,
        type: 3}
      propertyPath: m_RootOrder
      value: 5
      objectReference: {fileID: 0}
    - target: {fileID: 7981686893362246220, guid: 5ec775a8f75459840b913307bd27d9cf,
        type: 3}
      propertyPath: m_LocalEulerAnglesHint.x
      value: 90
      objectReference: {fileID: 0}
    - target: {fileID: 7981686893362246220, guid: 5ec775a8f75459840b913307bd27d9cf,
        type: 3}
      propertyPath: m_LocalEulerAnglesHint.y
      value: 0
      objectReference: {fileID: 0}
    - target: {fileID: 7981686893362246220, guid: 5ec775a8f75459840b913307bd27d9cf,
        type: 3}
      propertyPath: m_LocalEulerAnglesHint.z
      value: 0
      objectReference: {fileID: 0}
    - target: {fileID: 7981686893362246220, guid: 5ec775a8f75459840b913307bd27d9cf,
        type: 3}
      propertyPath: m_LocalScale.y
      value: 0.010999999
      objectReference: {fileID: 0}
    - target: {fileID: 7981686893362246220, guid: 5ec775a8f75459840b913307bd27d9cf,
        type: 3}
      propertyPath: m_LocalScale.z
      value: 0.010999999
      objectReference: {fileID: 0}
    m_RemovedComponents: []
  m_SourcePrefab: {fileID: 100100000, guid: 5ec775a8f75459840b913307bd27d9cf, type: 3}
--- !u!4 &1305526884354011851 stripped
Transform:
  m_CorrespondingSourceObject: {fileID: 7981686893362246220, guid: 5ec775a8f75459840b913307bd27d9cf,
    type: 3}
  m_PrefabInstance: {fileID: 8996657378201682055}
  m_PrefabAsset: {fileID: 0}
--- !u!1001 &8996657378452541105
PrefabInstance:
  m_ObjectHideFlags: 0
  serializedVersion: 2
  m_Modification:
    m_TransformParent: {fileID: 8996657379652765983}
    m_Modifications:
    - target: {fileID: 7318196958731905270, guid: 5ec775a8f75459840b913307bd27d9cf,
        type: 3}
      propertyPath: m_Name
      value: krzeslo (5)
      objectReference: {fileID: 0}
    - target: {fileID: 7981686893362246220, guid: 5ec775a8f75459840b913307bd27d9cf,
        type: 3}
      propertyPath: m_LocalPosition.x
      value: 9.677038
      objectReference: {fileID: 0}
    - target: {fileID: 7981686893362246220, guid: 5ec775a8f75459840b913307bd27d9cf,
        type: 3}
      propertyPath: m_LocalPosition.y
      value: 0.55103374
      objectReference: {fileID: 0}
    - target: {fileID: 7981686893362246220, guid: 5ec775a8f75459840b913307bd27d9cf,
        type: 3}
      propertyPath: m_LocalPosition.z
      value: -24.688635
      objectReference: {fileID: 0}
    - target: {fileID: 7981686893362246220, guid: 5ec775a8f75459840b913307bd27d9cf,
        type: 3}
      propertyPath: m_LocalRotation.x
      value: -0.00019483265
      objectReference: {fileID: 0}
    - target: {fileID: 7981686893362246220, guid: 5ec775a8f75459840b913307bd27d9cf,
        type: 3}
      propertyPath: m_LocalRotation.y
      value: 0.70710677
      objectReference: {fileID: 0}
    - target: {fileID: 7981686893362246220, guid: 5ec775a8f75459840b913307bd27d9cf,
        type: 3}
      propertyPath: m_LocalRotation.z
      value: -0.70710677
      objectReference: {fileID: 0}
    - target: {fileID: 7981686893362246220, guid: 5ec775a8f75459840b913307bd27d9cf,
        type: 3}
      propertyPath: m_LocalRotation.w
      value: -0.00019483265
      objectReference: {fileID: 0}
    - target: {fileID: 7981686893362246220, guid: 5ec775a8f75459840b913307bd27d9cf,
        type: 3}
      propertyPath: m_RootOrder
      value: 15
      objectReference: {fileID: 0}
    - target: {fileID: 7981686893362246220, guid: 5ec775a8f75459840b913307bd27d9cf,
        type: 3}
      propertyPath: m_LocalEulerAnglesHint.x
      value: 90.00001
      objectReference: {fileID: 0}
    - target: {fileID: 7981686893362246220, guid: 5ec775a8f75459840b913307bd27d9cf,
        type: 3}
      propertyPath: m_LocalEulerAnglesHint.y
      value: 0
      objectReference: {fileID: 0}
    - target: {fileID: 7981686893362246220, guid: 5ec775a8f75459840b913307bd27d9cf,
        type: 3}
      propertyPath: m_LocalEulerAnglesHint.z
      value: -180.032
      objectReference: {fileID: 0}
    - target: {fileID: 7981686893362246220, guid: 5ec775a8f75459840b913307bd27d9cf,
        type: 3}
      propertyPath: m_LocalScale.x
      value: 0.011000001
      objectReference: {fileID: 0}
    - target: {fileID: 7981686893362246220, guid: 5ec775a8f75459840b913307bd27d9cf,
        type: 3}
      propertyPath: m_LocalScale.y
      value: 0.011000001
      objectReference: {fileID: 0}
    m_RemovedComponents: []
  m_SourcePrefab: {fileID: 100100000, guid: 5ec775a8f75459840b913307bd27d9cf, type: 3}
--- !u!4 &1305526885176900861 stripped
Transform:
  m_CorrespondingSourceObject: {fileID: 7981686893362246220, guid: 5ec775a8f75459840b913307bd27d9cf,
    type: 3}
  m_PrefabInstance: {fileID: 8996657378452541105}
  m_PrefabAsset: {fileID: 0}
--- !u!1001 &8996657378508944548
PrefabInstance:
  m_ObjectHideFlags: 0
  serializedVersion: 2
  m_Modification:
    m_TransformParent: {fileID: 8996657379652765983}
    m_Modifications:
    - target: {fileID: 7318196958731905270, guid: 5ec775a8f75459840b913307bd27d9cf,
        type: 3}
      propertyPath: m_Name
      value: krzeslo (3)
      objectReference: {fileID: 0}
    - target: {fileID: 7981686893362246220, guid: 5ec775a8f75459840b913307bd27d9cf,
        type: 3}
      propertyPath: m_LocalPosition.x
      value: 9.677038
      objectReference: {fileID: 0}
    - target: {fileID: 7981686893362246220, guid: 5ec775a8f75459840b913307bd27d9cf,
        type: 3}
      propertyPath: m_LocalPosition.y
      value: 0.55103374
      objectReference: {fileID: 0}
    - target: {fileID: 7981686893362246220, guid: 5ec775a8f75459840b913307bd27d9cf,
        type: 3}
      propertyPath: m_LocalPosition.z
      value: -1.5186329
      objectReference: {fileID: 0}
    - target: {fileID: 7981686893362246220, guid: 5ec775a8f75459840b913307bd27d9cf,
        type: 3}
      propertyPath: m_LocalRotation.x
      value: 0.7071068
      objectReference: {fileID: 0}
    - target: {fileID: 7981686893362246220, guid: 5ec775a8f75459840b913307bd27d9cf,
        type: 3}
      propertyPath: m_LocalRotation.y
      value: -0
      objectReference: {fileID: 0}
    - target: {fileID: 7981686893362246220, guid: 5ec775a8f75459840b913307bd27d9cf,
        type: 3}
      propertyPath: m_LocalRotation.z
      value: -0
      objectReference: {fileID: 0}
    - target: {fileID: 7981686893362246220, guid: 5ec775a8f75459840b913307bd27d9cf,
        type: 3}
      propertyPath: m_LocalRotation.w
      value: 0.7071068
      objectReference: {fileID: 0}
    - target: {fileID: 7981686893362246220, guid: 5ec775a8f75459840b913307bd27d9cf,
        type: 3}
      propertyPath: m_RootOrder
      value: 4
      objectReference: {fileID: 0}
    - target: {fileID: 7981686893362246220, guid: 5ec775a8f75459840b913307bd27d9cf,
        type: 3}
      propertyPath: m_LocalEulerAnglesHint.x
      value: 90
      objectReference: {fileID: 0}
    - target: {fileID: 7981686893362246220, guid: 5ec775a8f75459840b913307bd27d9cf,
        type: 3}
      propertyPath: m_LocalEulerAnglesHint.y
      value: 0
      objectReference: {fileID: 0}
    - target: {fileID: 7981686893362246220, guid: 5ec775a8f75459840b913307bd27d9cf,
        type: 3}
      propertyPath: m_LocalEulerAnglesHint.z
      value: 0
      objectReference: {fileID: 0}
    - target: {fileID: 7981686893362246220, guid: 5ec775a8f75459840b913307bd27d9cf,
        type: 3}
      propertyPath: m_LocalScale.y
      value: 0.010999999
      objectReference: {fileID: 0}
    - target: {fileID: 7981686893362246220, guid: 5ec775a8f75459840b913307bd27d9cf,
        type: 3}
      propertyPath: m_LocalScale.z
      value: 0.010999999
      objectReference: {fileID: 0}
    m_RemovedComponents: []
  m_SourcePrefab: {fileID: 100100000, guid: 5ec775a8f75459840b913307bd27d9cf, type: 3}
--- !u!4 &1305526885128816360 stripped
Transform:
  m_CorrespondingSourceObject: {fileID: 7981686893362246220, guid: 5ec775a8f75459840b913307bd27d9cf,
    type: 3}
  m_PrefabInstance: {fileID: 8996657378508944548}
  m_PrefabAsset: {fileID: 0}
--- !u!1001 &8996657378530739452
PrefabInstance:
  m_ObjectHideFlags: 0
  serializedVersion: 2
  m_Modification:
    m_TransformParent: {fileID: 8996657379652765983}
    m_Modifications:
    - target: {fileID: 8146897328669129391, guid: eaa60d4eee2c18143b55501cd0a2e03c,
        type: 3}
      propertyPath: m_LocalPosition.x
      value: 8.037038
      objectReference: {fileID: 0}
    - target: {fileID: 8146897328669129391, guid: eaa60d4eee2c18143b55501cd0a2e03c,
        type: 3}
      propertyPath: m_LocalPosition.y
      value: -0.00022506714
      objectReference: {fileID: 0}
    - target: {fileID: 8146897328669129391, guid: eaa60d4eee2c18143b55501cd0a2e03c,
        type: 3}
      propertyPath: m_LocalPosition.z
      value: -1.358633
      objectReference: {fileID: 0}
    - target: {fileID: 8146897328669129391, guid: eaa60d4eee2c18143b55501cd0a2e03c,
        type: 3}
      propertyPath: m_LocalRotation.x
      value: -0
      objectReference: {fileID: 0}
    - target: {fileID: 8146897328669129391, guid: eaa60d4eee2c18143b55501cd0a2e03c,
        type: 3}
      propertyPath: m_LocalRotation.y
      value: -0
      objectReference: {fileID: 0}
    - target: {fileID: 8146897328669129391, guid: eaa60d4eee2c18143b55501cd0a2e03c,
        type: 3}
      propertyPath: m_LocalRotation.z
      value: -0
      objectReference: {fileID: 0}
    - target: {fileID: 8146897328669129391, guid: eaa60d4eee2c18143b55501cd0a2e03c,
        type: 3}
      propertyPath: m_LocalRotation.w
      value: 1
      objectReference: {fileID: 0}
    - target: {fileID: 8146897328669129391, guid: eaa60d4eee2c18143b55501cd0a2e03c,
        type: 3}
      propertyPath: m_RootOrder
      value: 8
      objectReference: {fileID: 0}
    - target: {fileID: 8146897328669129391, guid: eaa60d4eee2c18143b55501cd0a2e03c,
        type: 3}
      propertyPath: m_LocalEulerAnglesHint.x
      value: 0
      objectReference: {fileID: 0}
    - target: {fileID: 8146897328669129391, guid: eaa60d4eee2c18143b55501cd0a2e03c,
        type: 3}
      propertyPath: m_LocalEulerAnglesHint.y
      value: 0
      objectReference: {fileID: 0}
    - target: {fileID: 8146897328669129391, guid: eaa60d4eee2c18143b55501cd0a2e03c,
        type: 3}
      propertyPath: m_LocalEulerAnglesHint.z
      value: 0
      objectReference: {fileID: 0}
    - target: {fileID: 8810245215573418005, guid: eaa60d4eee2c18143b55501cd0a2e03c,
        type: 3}
      propertyPath: m_Name
      value: stolik (2)
      objectReference: {fileID: 0}
    m_RemovedComponents: []
  m_SourcePrefab: {fileID: 100100000, guid: eaa60d4eee2c18143b55501cd0a2e03c, type: 3}
--- !u!4 &996733459778911827 stripped
Transform:
  m_CorrespondingSourceObject: {fileID: 8146897328669129391, guid: eaa60d4eee2c18143b55501cd0a2e03c,
    type: 3}
  m_PrefabInstance: {fileID: 8996657378530739452}
  m_PrefabAsset: {fileID: 0}
--- !u!1001 &8996657378591418420
PrefabInstance:
  m_ObjectHideFlags: 0
  serializedVersion: 2
  m_Modification:
    m_TransformParent: {fileID: 8996657379652765983}
    m_Modifications:
    - target: {fileID: 8146897328669129391, guid: eaa60d4eee2c18143b55501cd0a2e03c,
        type: 3}
      propertyPath: m_LocalPosition.x
      value: -6.7129617
      objectReference: {fileID: 0}
    - target: {fileID: 8146897328669129391, guid: eaa60d4eee2c18143b55501cd0a2e03c,
        type: 3}
      propertyPath: m_LocalPosition.y
      value: -0.00022506714
      objectReference: {fileID: 0}
    - target: {fileID: 8146897328669129391, guid: eaa60d4eee2c18143b55501cd0a2e03c,
        type: 3}
      propertyPath: m_LocalPosition.z
      value: -1.358633
      objectReference: {fileID: 0}
    - target: {fileID: 8146897328669129391, guid: eaa60d4eee2c18143b55501cd0a2e03c,
        type: 3}
      propertyPath: m_LocalRotation.x
      value: -0
      objectReference: {fileID: 0}
    - target: {fileID: 8146897328669129391, guid: eaa60d4eee2c18143b55501cd0a2e03c,
        type: 3}
      propertyPath: m_LocalRotation.y
      value: -0
      objectReference: {fileID: 0}
    - target: {fileID: 8146897328669129391, guid: eaa60d4eee2c18143b55501cd0a2e03c,
        type: 3}
      propertyPath: m_LocalRotation.z
      value: -0
      objectReference: {fileID: 0}
    - target: {fileID: 8146897328669129391, guid: eaa60d4eee2c18143b55501cd0a2e03c,
        type: 3}
      propertyPath: m_LocalRotation.w
      value: 1
      objectReference: {fileID: 0}
    - target: {fileID: 8146897328669129391, guid: eaa60d4eee2c18143b55501cd0a2e03c,
        type: 3}
      propertyPath: m_RootOrder
      value: 2
      objectReference: {fileID: 0}
    - target: {fileID: 8146897328669129391, guid: eaa60d4eee2c18143b55501cd0a2e03c,
        type: 3}
      propertyPath: m_LocalEulerAnglesHint.x
      value: 0
      objectReference: {fileID: 0}
    - target: {fileID: 8146897328669129391, guid: eaa60d4eee2c18143b55501cd0a2e03c,
        type: 3}
      propertyPath: m_LocalEulerAnglesHint.y
      value: 0
      objectReference: {fileID: 0}
    - target: {fileID: 8146897328669129391, guid: eaa60d4eee2c18143b55501cd0a2e03c,
        type: 3}
      propertyPath: m_LocalEulerAnglesHint.z
      value: 0
      objectReference: {fileID: 0}
    - target: {fileID: 8810245215573418005, guid: eaa60d4eee2c18143b55501cd0a2e03c,
        type: 3}
      propertyPath: m_Name
      value: stolik
      objectReference: {fileID: 0}
    m_RemovedComponents: []
  m_SourcePrefab: {fileID: 100100000, guid: eaa60d4eee2c18143b55501cd0a2e03c, type: 3}
--- !u!4 &996733459280974491 stripped
Transform:
  m_CorrespondingSourceObject: {fileID: 8146897328669129391, guid: eaa60d4eee2c18143b55501cd0a2e03c,
    type: 3}
  m_PrefabInstance: {fileID: 8996657378591418420}
  m_PrefabAsset: {fileID: 0}
--- !u!1001 &8996657378596273471
PrefabInstance:
  m_ObjectHideFlags: 0
  serializedVersion: 2
  m_Modification:
    m_TransformParent: {fileID: 8996657379652765983}
    m_Modifications:
    - target: {fileID: 8146897328669129391, guid: eaa60d4eee2c18143b55501cd0a2e03c,
        type: 3}
      propertyPath: m_LocalPosition.x
      value: -9.962961
      objectReference: {fileID: 0}
    - target: {fileID: 8146897328669129391, guid: eaa60d4eee2c18143b55501cd0a2e03c,
        type: 3}
      propertyPath: m_LocalPosition.y
      value: -0.00022506714
      objectReference: {fileID: 0}
    - target: {fileID: 8146897328669129391, guid: eaa60d4eee2c18143b55501cd0a2e03c,
        type: 3}
      propertyPath: m_LocalPosition.z
      value: -24.958635
      objectReference: {fileID: 0}
    - target: {fileID: 8146897328669129391, guid: eaa60d4eee2c18143b55501cd0a2e03c,
        type: 3}
      propertyPath: m_LocalRotation.x
      value: -0
      objectReference: {fileID: 0}
    - target: {fileID: 8146897328669129391, guid: eaa60d4eee2c18143b55501cd0a2e03c,
        type: 3}
      propertyPath: m_LocalRotation.y
      value: -0
      objectReference: {fileID: 0}
    - target: {fileID: 8146897328669129391, guid: eaa60d4eee2c18143b55501cd0a2e03c,
        type: 3}
      propertyPath: m_LocalRotation.z
      value: -0
      objectReference: {fileID: 0}
    - target: {fileID: 8146897328669129391, guid: eaa60d4eee2c18143b55501cd0a2e03c,
        type: 3}
      propertyPath: m_LocalRotation.w
      value: 1
      objectReference: {fileID: 0}
    - target: {fileID: 8146897328669129391, guid: eaa60d4eee2c18143b55501cd0a2e03c,
        type: 3}
      propertyPath: m_RootOrder
      value: 12
      objectReference: {fileID: 0}
    - target: {fileID: 8146897328669129391, guid: eaa60d4eee2c18143b55501cd0a2e03c,
        type: 3}
      propertyPath: m_LocalEulerAnglesHint.x
      value: 0
      objectReference: {fileID: 0}
    - target: {fileID: 8146897328669129391, guid: eaa60d4eee2c18143b55501cd0a2e03c,
        type: 3}
      propertyPath: m_LocalEulerAnglesHint.y
      value: 0
      objectReference: {fileID: 0}
    - target: {fileID: 8146897328669129391, guid: eaa60d4eee2c18143b55501cd0a2e03c,
        type: 3}
      propertyPath: m_LocalEulerAnglesHint.z
      value: 0
      objectReference: {fileID: 0}
    - target: {fileID: 8810245215573418005, guid: eaa60d4eee2c18143b55501cd0a2e03c,
        type: 3}
      propertyPath: m_Name
      value: stolik (4)
      objectReference: {fileID: 0}
    m_RemovedComponents: []
  m_SourcePrefab: {fileID: 100100000, guid: eaa60d4eee2c18143b55501cd0a2e03c, type: 3}
--- !u!4 &996733459307579280 stripped
Transform:
  m_CorrespondingSourceObject: {fileID: 8146897328669129391, guid: eaa60d4eee2c18143b55501cd0a2e03c,
    type: 3}
  m_PrefabInstance: {fileID: 8996657378596273471}
  m_PrefabAsset: {fileID: 0}
--- !u!1001 &8996657378695950909
PrefabInstance:
  m_ObjectHideFlags: 0
  serializedVersion: 2
  m_Modification:
    m_TransformParent: {fileID: 8996657379652765983}
    m_Modifications:
    - target: {fileID: 7318196958731905270, guid: 5ec775a8f75459840b913307bd27d9cf,
        type: 3}
      propertyPath: m_Name
      value: krzeslo
      objectReference: {fileID: 0}
    - target: {fileID: 7981686893362246220, guid: 5ec775a8f75459840b913307bd27d9cf,
        type: 3}
      propertyPath: m_LocalPosition.x
      value: 10.427038
      objectReference: {fileID: 0}
    - target: {fileID: 7981686893362246220, guid: 5ec775a8f75459840b913307bd27d9cf,
        type: 3}
      propertyPath: m_LocalPosition.y
      value: 0.55103374
      objectReference: {fileID: 0}
    - target: {fileID: 7981686893362246220, guid: 5ec775a8f75459840b913307bd27d9cf,
        type: 3}
      propertyPath: m_LocalPosition.z
      value: -1.5186329
      objectReference: {fileID: 0}
    - target: {fileID: 7981686893362246220, guid: 5ec775a8f75459840b913307bd27d9cf,
        type: 3}
      propertyPath: m_LocalRotation.x
      value: 0.7071068
      objectReference: {fileID: 0}
    - target: {fileID: 7981686893362246220, guid: 5ec775a8f75459840b913307bd27d9cf,
        type: 3}
      propertyPath: m_LocalRotation.y
      value: -0
      objectReference: {fileID: 0}
    - target: {fileID: 7981686893362246220, guid: 5ec775a8f75459840b913307bd27d9cf,
        type: 3}
      propertyPath: m_LocalRotation.z
      value: -0
      objectReference: {fileID: 0}
    - target: {fileID: 7981686893362246220, guid: 5ec775a8f75459840b913307bd27d9cf,
        type: 3}
      propertyPath: m_LocalRotation.w
      value: 0.7071068
      objectReference: {fileID: 0}
    - target: {fileID: 7981686893362246220, guid: 5ec775a8f75459840b913307bd27d9cf,
        type: 3}
      propertyPath: m_RootOrder
      value: 3
      objectReference: {fileID: 0}
    - target: {fileID: 7981686893362246220, guid: 5ec775a8f75459840b913307bd27d9cf,
        type: 3}
      propertyPath: m_LocalEulerAnglesHint.x
      value: 90
      objectReference: {fileID: 0}
    - target: {fileID: 7981686893362246220, guid: 5ec775a8f75459840b913307bd27d9cf,
        type: 3}
      propertyPath: m_LocalEulerAnglesHint.y
      value: 0
      objectReference: {fileID: 0}
    - target: {fileID: 7981686893362246220, guid: 5ec775a8f75459840b913307bd27d9cf,
        type: 3}
      propertyPath: m_LocalEulerAnglesHint.z
      value: 0
      objectReference: {fileID: 0}
    - target: {fileID: 7981686893362246220, guid: 5ec775a8f75459840b913307bd27d9cf,
        type: 3}
      propertyPath: m_LocalScale.y
      value: 0.010999999
      objectReference: {fileID: 0}
    - target: {fileID: 7981686893362246220, guid: 5ec775a8f75459840b913307bd27d9cf,
        type: 3}
      propertyPath: m_LocalScale.z
      value: 0.010999999
      objectReference: {fileID: 0}
    m_RemovedComponents: []
  m_SourcePrefab: {fileID: 100100000, guid: 5ec775a8f75459840b913307bd27d9cf, type: 3}
--- !u!4 &1305526884782489713 stripped
Transform:
  m_CorrespondingSourceObject: {fileID: 7981686893362246220, guid: 5ec775a8f75459840b913307bd27d9cf,
    type: 3}
  m_PrefabInstance: {fileID: 8996657378695950909}
  m_PrefabAsset: {fileID: 0}
--- !u!1001 &8996657378810062534
PrefabInstance:
  m_ObjectHideFlags: 0
  serializedVersion: 2
  m_Modification:
    m_TransformParent: {fileID: 8996657379652765983}
    m_Modifications:
    - target: {fileID: 7318196958731905270, guid: 5ec775a8f75459840b913307bd27d9cf,
        type: 3}
      propertyPath: m_Name
      value: krzeslo (6)
      objectReference: {fileID: 0}
    - target: {fileID: 7981686893362246220, guid: 5ec775a8f75459840b913307bd27d9cf,
        type: 3}
      propertyPath: m_LocalPosition.x
      value: 11.177038
      objectReference: {fileID: 0}
    - target: {fileID: 7981686893362246220, guid: 5ec775a8f75459840b913307bd27d9cf,
        type: 3}
      propertyPath: m_LocalPosition.y
      value: 0.55103374
      objectReference: {fileID: 0}
    - target: {fileID: 7981686893362246220, guid: 5ec775a8f75459840b913307bd27d9cf,
        type: 3}
      propertyPath: m_LocalPosition.z
      value: -24.688635
      objectReference: {fileID: 0}
    - target: {fileID: 7981686893362246220, guid: 5ec775a8f75459840b913307bd27d9cf,
        type: 3}
      propertyPath: m_LocalRotation.x
      value: -0.00019483265
      objectReference: {fileID: 0}
    - target: {fileID: 7981686893362246220, guid: 5ec775a8f75459840b913307bd27d9cf,
        type: 3}
      propertyPath: m_LocalRotation.y
      value: 0.70710677
      objectReference: {fileID: 0}
    - target: {fileID: 7981686893362246220, guid: 5ec775a8f75459840b913307bd27d9cf,
        type: 3}
      propertyPath: m_LocalRotation.z
      value: -0.70710677
      objectReference: {fileID: 0}
    - target: {fileID: 7981686893362246220, guid: 5ec775a8f75459840b913307bd27d9cf,
        type: 3}
      propertyPath: m_LocalRotation.w
      value: -0.00019483265
      objectReference: {fileID: 0}
    - target: {fileID: 7981686893362246220, guid: 5ec775a8f75459840b913307bd27d9cf,
        type: 3}
      propertyPath: m_RootOrder
      value: 16
      objectReference: {fileID: 0}
    - target: {fileID: 7981686893362246220, guid: 5ec775a8f75459840b913307bd27d9cf,
        type: 3}
      propertyPath: m_LocalEulerAnglesHint.x
      value: 90.00001
      objectReference: {fileID: 0}
    - target: {fileID: 7981686893362246220, guid: 5ec775a8f75459840b913307bd27d9cf,
        type: 3}
      propertyPath: m_LocalEulerAnglesHint.y
      value: 0
      objectReference: {fileID: 0}
    - target: {fileID: 7981686893362246220, guid: 5ec775a8f75459840b913307bd27d9cf,
        type: 3}
      propertyPath: m_LocalEulerAnglesHint.z
      value: -180.032
      objectReference: {fileID: 0}
    - target: {fileID: 7981686893362246220, guid: 5ec775a8f75459840b913307bd27d9cf,
        type: 3}
      propertyPath: m_LocalScale.x
      value: 0.011000001
      objectReference: {fileID: 0}
    - target: {fileID: 7981686893362246220, guid: 5ec775a8f75459840b913307bd27d9cf,
        type: 3}
      propertyPath: m_LocalScale.y
      value: 0.011000001
      objectReference: {fileID: 0}
    m_RemovedComponents: []
  m_SourcePrefab: {fileID: 100100000, guid: 5ec775a8f75459840b913307bd27d9cf, type: 3}
--- !u!4 &1305526884961981578 stripped
Transform:
  m_CorrespondingSourceObject: {fileID: 7981686893362246220, guid: 5ec775a8f75459840b913307bd27d9cf,
    type: 3}
  m_PrefabInstance: {fileID: 8996657378810062534}
  m_PrefabAsset: {fileID: 0}
--- !u!1001 &8996657378917803091
PrefabInstance:
  m_ObjectHideFlags: 0
  serializedVersion: 2
  m_Modification:
    m_TransformParent: {fileID: 8996657379652765983}
    m_Modifications:
    - target: {fileID: 7318196958731905270, guid: 5ec775a8f75459840b913307bd27d9cf,
        type: 3}
      propertyPath: m_Name
      value: krzeslo (1)
      objectReference: {fileID: 0}
    - target: {fileID: 7981686893362246220, guid: 5ec775a8f75459840b913307bd27d9cf,
        type: 3}
      propertyPath: m_LocalPosition.x
      value: 10.427038
      objectReference: {fileID: 0}
    - target: {fileID: 7981686893362246220, guid: 5ec775a8f75459840b913307bd27d9cf,
        type: 3}
      propertyPath: m_LocalPosition.y
      value: 0.55103374
      objectReference: {fileID: 0}
    - target: {fileID: 7981686893362246220, guid: 5ec775a8f75459840b913307bd27d9cf,
        type: 3}
      propertyPath: m_LocalPosition.z
      value: -24.688635
      objectReference: {fileID: 0}
    - target: {fileID: 7981686893362246220, guid: 5ec775a8f75459840b913307bd27d9cf,
        type: 3}
      propertyPath: m_LocalRotation.x
      value: -0.00019483265
      objectReference: {fileID: 0}
    - target: {fileID: 7981686893362246220, guid: 5ec775a8f75459840b913307bd27d9cf,
        type: 3}
      propertyPath: m_LocalRotation.y
      value: 0.70710677
      objectReference: {fileID: 0}
    - target: {fileID: 7981686893362246220, guid: 5ec775a8f75459840b913307bd27d9cf,
        type: 3}
      propertyPath: m_LocalRotation.z
      value: -0.70710677
      objectReference: {fileID: 0}
    - target: {fileID: 7981686893362246220, guid: 5ec775a8f75459840b913307bd27d9cf,
        type: 3}
      propertyPath: m_LocalRotation.w
      value: -0.00019483265
      objectReference: {fileID: 0}
    - target: {fileID: 7981686893362246220, guid: 5ec775a8f75459840b913307bd27d9cf,
        type: 3}
      propertyPath: m_RootOrder
      value: 14
      objectReference: {fileID: 0}
    - target: {fileID: 7981686893362246220, guid: 5ec775a8f75459840b913307bd27d9cf,
        type: 3}
      propertyPath: m_LocalEulerAnglesHint.x
      value: 90.00001
      objectReference: {fileID: 0}
    - target: {fileID: 7981686893362246220, guid: 5ec775a8f75459840b913307bd27d9cf,
        type: 3}
      propertyPath: m_LocalEulerAnglesHint.y
      value: 0
      objectReference: {fileID: 0}
    - target: {fileID: 7981686893362246220, guid: 5ec775a8f75459840b913307bd27d9cf,
        type: 3}
      propertyPath: m_LocalEulerAnglesHint.z
      value: -180.032
      objectReference: {fileID: 0}
    - target: {fileID: 7981686893362246220, guid: 5ec775a8f75459840b913307bd27d9cf,
        type: 3}
      propertyPath: m_LocalScale.x
      value: 0.011000001
      objectReference: {fileID: 0}
    - target: {fileID: 7981686893362246220, guid: 5ec775a8f75459840b913307bd27d9cf,
        type: 3}
      propertyPath: m_LocalScale.y
      value: 0.011000001
      objectReference: {fileID: 0}
    m_RemovedComponents: []
  m_SourcePrefab: {fileID: 100100000, guid: 5ec775a8f75459840b913307bd27d9cf, type: 3}
--- !u!4 &1305526883495286303 stripped
Transform:
  m_CorrespondingSourceObject: {fileID: 7981686893362246220, guid: 5ec775a8f75459840b913307bd27d9cf,
    type: 3}
  m_PrefabInstance: {fileID: 8996657378917803091}
  m_PrefabAsset: {fileID: 0}
--- !u!1001 &8996657379058547955
PrefabInstance:
  m_ObjectHideFlags: 0
  serializedVersion: 2
  m_Modification:
    m_TransformParent: {fileID: 8996657379652765983}
    m_Modifications:
    - target: {fileID: 4663724206154921580, guid: d332a6a03d301274ba99e2ff9d29d039,
        type: 3}
      propertyPath: m_LocalPosition.x
      value: -8.212961
      objectReference: {fileID: 0}
    - target: {fileID: 4663724206154921580, guid: d332a6a03d301274ba99e2ff9d29d039,
        type: 3}
      propertyPath: m_LocalPosition.y
      value: 0.47503376
      objectReference: {fileID: 0}
    - target: {fileID: 4663724206154921580, guid: d332a6a03d301274ba99e2ff9d29d039,
        type: 3}
      propertyPath: m_LocalPosition.z
      value: -1.4896336
      objectReference: {fileID: 0}
    - target: {fileID: 4663724206154921580, guid: d332a6a03d301274ba99e2ff9d29d039,
        type: 3}
      propertyPath: m_LocalRotation.x
      value: 0.7071068
      objectReference: {fileID: 0}
    - target: {fileID: 4663724206154921580, guid: d332a6a03d301274ba99e2ff9d29d039,
        type: 3}
      propertyPath: m_LocalRotation.y
      value: -0
      objectReference: {fileID: 0}
    - target: {fileID: 4663724206154921580, guid: d332a6a03d301274ba99e2ff9d29d039,
        type: 3}
      propertyPath: m_LocalRotation.z
      value: -0
      objectReference: {fileID: 0}
    - target: {fileID: 4663724206154921580, guid: d332a6a03d301274ba99e2ff9d29d039,
        type: 3}
      propertyPath: m_LocalRotation.w
      value: 0.7071068
      objectReference: {fileID: 0}
    - target: {fileID: 4663724206154921580, guid: d332a6a03d301274ba99e2ff9d29d039,
        type: 3}
      propertyPath: m_RootOrder
      value: 1
      objectReference: {fileID: 0}
    - target: {fileID: 4663724206154921580, guid: d332a6a03d301274ba99e2ff9d29d039,
        type: 3}
      propertyPath: m_LocalEulerAnglesHint.x
      value: 90
      objectReference: {fileID: 0}
    - target: {fileID: 4663724206154921580, guid: d332a6a03d301274ba99e2ff9d29d039,
        type: 3}
      propertyPath: m_LocalEulerAnglesHint.y
      value: 0
      objectReference: {fileID: 0}
    - target: {fileID: 4663724206154921580, guid: d332a6a03d301274ba99e2ff9d29d039,
        type: 3}
      propertyPath: m_LocalEulerAnglesHint.z
      value: 0
      objectReference: {fileID: 0}
    - target: {fileID: 4663724206154921580, guid: d332a6a03d301274ba99e2ff9d29d039,
        type: 3}
      propertyPath: m_LocalScale.y
      value: 0.009999999
      objectReference: {fileID: 0}
    - target: {fileID: 4663724206154921580, guid: d332a6a03d301274ba99e2ff9d29d039,
        type: 3}
      propertyPath: m_LocalScale.z
      value: 0.009999999
      objectReference: {fileID: 0}
    - target: {fileID: 5472771677076155606, guid: d332a6a03d301274ba99e2ff9d29d039,
        type: 3}
      propertyPath: m_Name
      value: kanapa
      objectReference: {fileID: 0}
    m_RemovedComponents: []
  m_SourcePrefab: {fileID: 100100000, guid: d332a6a03d301274ba99e2ff9d29d039, type: 3}
--- !u!4 &4351159267742403231 stripped
Transform:
  m_CorrespondingSourceObject: {fileID: 4663724206154921580, guid: d332a6a03d301274ba99e2ff9d29d039,
    type: 3}
  m_PrefabInstance: {fileID: 8996657379058547955}
  m_PrefabAsset: {fileID: 0}
--- !u!1001 &8996657379269231957
PrefabInstance:
  m_ObjectHideFlags: 0
  serializedVersion: 2
  m_Modification:
    m_TransformParent: {fileID: 8996657379652765983}
    m_Modifications:
    - target: {fileID: 4663724206154921580, guid: d332a6a03d301274ba99e2ff9d29d039,
        type: 3}
      propertyPath: m_LocalPosition.x
      value: -8.462961
      objectReference: {fileID: 0}
    - target: {fileID: 4663724206154921580, guid: d332a6a03d301274ba99e2ff9d29d039,
        type: 3}
      propertyPath: m_LocalPosition.y
      value: 0.47503376
      objectReference: {fileID: 0}
    - target: {fileID: 4663724206154921580, guid: d332a6a03d301274ba99e2ff9d29d039,
        type: 3}
      propertyPath: m_LocalPosition.z
      value: -24.843634
      objectReference: {fileID: 0}
    - target: {fileID: 4663724206154921580, guid: d332a6a03d301274ba99e2ff9d29d039,
        type: 3}
      propertyPath: m_LocalRotation.x
      value: -0
      objectReference: {fileID: 0}
    - target: {fileID: 4663724206154921580, guid: d332a6a03d301274ba99e2ff9d29d039,
        type: 3}
      propertyPath: m_LocalRotation.y
      value: 0.7071068
      objectReference: {fileID: 0}
    - target: {fileID: 4663724206154921580, guid: d332a6a03d301274ba99e2ff9d29d039,
        type: 3}
      propertyPath: m_LocalRotation.z
      value: -0.7071068
      objectReference: {fileID: 0}
    - target: {fileID: 4663724206154921580, guid: d332a6a03d301274ba99e2ff9d29d039,
        type: 3}
      propertyPath: m_LocalRotation.w
      value: 0
      objectReference: {fileID: 0}
    - target: {fileID: 4663724206154921580, guid: d332a6a03d301274ba99e2ff9d29d039,
        type: 3}
      propertyPath: m_RootOrder
      value: 10
      objectReference: {fileID: 0}
    - target: {fileID: 4663724206154921580, guid: d332a6a03d301274ba99e2ff9d29d039,
        type: 3}
      propertyPath: m_LocalEulerAnglesHint.x
      value: 90
      objectReference: {fileID: 0}
    - target: {fileID: 4663724206154921580, guid: d332a6a03d301274ba99e2ff9d29d039,
        type: 3}
      propertyPath: m_LocalEulerAnglesHint.y
      value: 180
      objectReference: {fileID: 0}
    - target: {fileID: 4663724206154921580, guid: d332a6a03d301274ba99e2ff9d29d039,
        type: 3}
      propertyPath: m_LocalEulerAnglesHint.z
      value: 0
      objectReference: {fileID: 0}
    - target: {fileID: 4663724206154921580, guid: d332a6a03d301274ba99e2ff9d29d039,
        type: 3}
      propertyPath: m_LocalScale.x
      value: 0.010000002
      objectReference: {fileID: 0}
    - target: {fileID: 4663724206154921580, guid: d332a6a03d301274ba99e2ff9d29d039,
        type: 3}
      propertyPath: m_LocalScale.y
      value: 0.009999999
      objectReference: {fileID: 0}
    - target: {fileID: 4663724206154921580, guid: d332a6a03d301274ba99e2ff9d29d039,
        type: 3}
      propertyPath: m_LocalScale.z
      value: 0.009999999
      objectReference: {fileID: 0}
    - target: {fileID: 5472771677076155606, guid: d332a6a03d301274ba99e2ff9d29d039,
        type: 3}
      propertyPath: m_Name
      value: kanapa (1)
      objectReference: {fileID: 0}
    m_RemovedComponents: []
  m_SourcePrefab: {fileID: 100100000, guid: d332a6a03d301274ba99e2ff9d29d039, type: 3}
--- !u!4 &4351159267550327609 stripped
Transform:
  m_CorrespondingSourceObject: {fileID: 4663724206154921580, guid: d332a6a03d301274ba99e2ff9d29d039,
    type: 3}
  m_PrefabInstance: {fileID: 8996657379269231957}
  m_PrefabAsset: {fileID: 0}
--- !u!1001 &8996657379368071077
PrefabInstance:
  m_ObjectHideFlags: 0
  serializedVersion: 2
  m_Modification:
    m_TransformParent: {fileID: 8996657379652765983}
    m_Modifications:
    - target: {fileID: 8146897328669129391, guid: eaa60d4eee2c18143b55501cd0a2e03c,
        type: 3}
      propertyPath: m_LocalPosition.x
      value: 8.134038
      objectReference: {fileID: 0}
    - target: {fileID: 8146897328669129391, guid: eaa60d4eee2c18143b55501cd0a2e03c,
        type: 3}
      propertyPath: m_LocalPosition.y
      value: -0.00022506714
      objectReference: {fileID: 0}
    - target: {fileID: 8146897328669129391, guid: eaa60d4eee2c18143b55501cd0a2e03c,
        type: 3}
      propertyPath: m_LocalPosition.z
      value: -24.898634
      objectReference: {fileID: 0}
    - target: {fileID: 8146897328669129391, guid: eaa60d4eee2c18143b55501cd0a2e03c,
        type: 3}
      propertyPath: m_LocalRotation.x
      value: -0
      objectReference: {fileID: 0}
    - target: {fileID: 8146897328669129391, guid: eaa60d4eee2c18143b55501cd0a2e03c,
        type: 3}
      propertyPath: m_LocalRotation.y
      value: 1
      objectReference: {fileID: 0}
    - target: {fileID: 8146897328669129391, guid: eaa60d4eee2c18143b55501cd0a2e03c,
        type: 3}
      propertyPath: m_LocalRotation.z
      value: -0
      objectReference: {fileID: 0}
    - target: {fileID: 8146897328669129391, guid: eaa60d4eee2c18143b55501cd0a2e03c,
        type: 3}
      propertyPath: m_LocalRotation.w
      value: -0.00027565655
      objectReference: {fileID: 0}
    - target: {fileID: 8146897328669129391, guid: eaa60d4eee2c18143b55501cd0a2e03c,
        type: 3}
      propertyPath: m_RootOrder
      value: 18
      objectReference: {fileID: 0}
    - target: {fileID: 8146897328669129391, guid: eaa60d4eee2c18143b55501cd0a2e03c,
        type: 3}
      propertyPath: m_LocalEulerAnglesHint.x
      value: 0
      objectReference: {fileID: 0}
    - target: {fileID: 8146897328669129391, guid: eaa60d4eee2c18143b55501cd0a2e03c,
        type: 3}
      propertyPath: m_LocalEulerAnglesHint.y
      value: 180.032
      objectReference: {fileID: 0}
    - target: {fileID: 8146897328669129391, guid: eaa60d4eee2c18143b55501cd0a2e03c,
        type: 3}
      propertyPath: m_LocalEulerAnglesHint.z
      value: 0
      objectReference: {fileID: 0}
    - target: {fileID: 8810245215573418005, guid: eaa60d4eee2c18143b55501cd0a2e03c,
        type: 3}
      propertyPath: m_Name
      value: stolik (6)
      objectReference: {fileID: 0}
    m_RemovedComponents: []
  m_SourcePrefab: {fileID: 100100000, guid: eaa60d4eee2c18143b55501cd0a2e03c, type: 3}
--- !u!4 &996733457931932938 stripped
Transform:
  m_CorrespondingSourceObject: {fileID: 8146897328669129391, guid: eaa60d4eee2c18143b55501cd0a2e03c,
    type: 3}
  m_PrefabInstance: {fileID: 8996657379368071077}
  m_PrefabAsset: {fileID: 0}
--- !u!1001 &8996657379450153244
PrefabInstance:
  m_ObjectHideFlags: 0
  serializedVersion: 2
  m_Modification:
    m_TransformParent: {fileID: 8996657379652765983}
    m_Modifications:
    - target: {fileID: 2473836917958669721, guid: 5ee5e00267fdd8046adba418e3fb67b7,
        type: 3}
      propertyPath: m_LocalPosition.x
      value: -6.7309623
      objectReference: {fileID: 0}
    - target: {fileID: 2473836917958669721, guid: 5ee5e00267fdd8046adba418e3fb67b7,
        type: 3}
      propertyPath: m_LocalPosition.y
      value: 0.4507339
      objectReference: {fileID: 0}
    - target: {fileID: 2473836917958669721, guid: 5ee5e00267fdd8046adba418e3fb67b7,
        type: 3}
      propertyPath: m_LocalPosition.z
      value: -1.3429031
      objectReference: {fileID: 0}
    - target: {fileID: 2473836917958669721, guid: 5ee5e00267fdd8046adba418e3fb67b7,
        type: 3}
      propertyPath: m_LocalRotation.x
      value: -0
      objectReference: {fileID: 0}
    - target: {fileID: 2473836917958669721, guid: 5ee5e00267fdd8046adba418e3fb67b7,
        type: 3}
      propertyPath: m_LocalRotation.y
      value: 0.18223555
      objectReference: {fileID: 0}
    - target: {fileID: 2473836917958669721, guid: 5ee5e00267fdd8046adba418e3fb67b7,
        type: 3}
      propertyPath: m_LocalRotation.z
      value: -0
      objectReference: {fileID: 0}
    - target: {fileID: 2473836917958669721, guid: 5ee5e00267fdd8046adba418e3fb67b7,
        type: 3}
      propertyPath: m_LocalRotation.w
      value: 0.9832549
      objectReference: {fileID: 0}
    - target: {fileID: 2473836917958669721, guid: 5ee5e00267fdd8046adba418e3fb67b7,
        type: 3}
      propertyPath: m_RootOrder
      value: 0
      objectReference: {fileID: 0}
    - target: {fileID: 2473836917958669721, guid: 5ee5e00267fdd8046adba418e3fb67b7,
        type: 3}
      propertyPath: m_LocalEulerAnglesHint.x
      value: 0
      objectReference: {fileID: 0}
    - target: {fileID: 2473836917958669721, guid: 5ee5e00267fdd8046adba418e3fb67b7,
        type: 3}
      propertyPath: m_LocalEulerAnglesHint.y
      value: 21
      objectReference: {fileID: 0}
    - target: {fileID: 2473836917958669721, guid: 5ee5e00267fdd8046adba418e3fb67b7,
        type: 3}
      propertyPath: m_LocalEulerAnglesHint.z
      value: 0
      objectReference: {fileID: 0}
    - target: {fileID: 2963092841491607331, guid: 5ee5e00267fdd8046adba418e3fb67b7,
        type: 3}
      propertyPath: m_Name
      value: radio
      objectReference: {fileID: 0}
    m_RemovedComponents: []
  m_SourcePrefab: {fileID: 100100000, guid: 5ee5e00267fdd8046adba418e3fb67b7, type: 3}
--- !u!4 &6813481870843026565 stripped
Transform:
  m_CorrespondingSourceObject: {fileID: 2473836917958669721, guid: 5ee5e00267fdd8046adba418e3fb67b7,
    type: 3}
  m_PrefabInstance: {fileID: 8996657379450153244}
  m_PrefabAsset: {fileID: 0}
--- !u!1001 &8996657379556821957
PrefabInstance:
  m_ObjectHideFlags: 0
  serializedVersion: 2
  m_Modification:
    m_TransformParent: {fileID: 8996657379652765983}
    m_Modifications:
    - target: {fileID: 8146897328669129391, guid: eaa60d4eee2c18143b55501cd0a2e03c,
        type: 3}
      propertyPath: m_LocalPosition.x
      value: -6.9629617
      objectReference: {fileID: 0}
    - target: {fileID: 8146897328669129391, guid: eaa60d4eee2c18143b55501cd0a2e03c,
        type: 3}
      propertyPath: m_LocalPosition.y
      value: -0.00022506714
      objectReference: {fileID: 0}
    - target: {fileID: 8146897328669129391, guid: eaa60d4eee2c18143b55501cd0a2e03c,
        type: 3}
      propertyPath: m_LocalPosition.z
      value: -24.958635
      objectReference: {fileID: 0}
    - target: {fileID: 8146897328669129391, guid: eaa60d4eee2c18143b55501cd0a2e03c,
        type: 3}
      propertyPath: m_LocalRotation.x
      value: -0
      objectReference: {fileID: 0}
    - target: {fileID: 8146897328669129391, guid: eaa60d4eee2c18143b55501cd0a2e03c,
        type: 3}
      propertyPath: m_LocalRotation.y
      value: -0
      objectReference: {fileID: 0}
    - target: {fileID: 8146897328669129391, guid: eaa60d4eee2c18143b55501cd0a2e03c,
        type: 3}
      propertyPath: m_LocalRotation.z
      value: -0
      objectReference: {fileID: 0}
    - target: {fileID: 8146897328669129391, guid: eaa60d4eee2c18143b55501cd0a2e03c,
        type: 3}
      propertyPath: m_LocalRotation.w
      value: 1
      objectReference: {fileID: 0}
    - target: {fileID: 8146897328669129391, guid: eaa60d4eee2c18143b55501cd0a2e03c,
        type: 3}
      propertyPath: m_RootOrder
      value: 11
      objectReference: {fileID: 0}
    - target: {fileID: 8146897328669129391, guid: eaa60d4eee2c18143b55501cd0a2e03c,
        type: 3}
      propertyPath: m_LocalEulerAnglesHint.x
      value: 0
      objectReference: {fileID: 0}
    - target: {fileID: 8146897328669129391, guid: eaa60d4eee2c18143b55501cd0a2e03c,
        type: 3}
      propertyPath: m_LocalEulerAnglesHint.y
      value: 0
      objectReference: {fileID: 0}
    - target: {fileID: 8146897328669129391, guid: eaa60d4eee2c18143b55501cd0a2e03c,
        type: 3}
      propertyPath: m_LocalEulerAnglesHint.z
      value: 0
      objectReference: {fileID: 0}
    - target: {fileID: 8810245215573418005, guid: eaa60d4eee2c18143b55501cd0a2e03c,
        type: 3}
      propertyPath: m_Name
      value: stolik (5)
      objectReference: {fileID: 0}
    m_RemovedComponents: []
  m_SourcePrefab: {fileID: 100100000, guid: eaa60d4eee2c18143b55501cd0a2e03c, type: 3}
--- !u!4 &996733458649149802 stripped
Transform:
  m_CorrespondingSourceObject: {fileID: 8146897328669129391, guid: eaa60d4eee2c18143b55501cd0a2e03c,
    type: 3}
  m_PrefabInstance: {fileID: 8996657379556821957}
  m_PrefabAsset: {fileID: 0}
--- !u!1001 &8996657379640777844
PrefabInstance:
  m_ObjectHideFlags: 0
  serializedVersion: 2
  m_Modification:
    m_TransformParent: {fileID: 8996657379652765983}
    m_Modifications:
    - target: {fileID: 7318196958731905270, guid: 5ec775a8f75459840b913307bd27d9cf,
        type: 3}
      propertyPath: m_Name
      value: krzeslo (7)
      objectReference: {fileID: 0}
    - target: {fileID: 7981686893362246220, guid: 5ec775a8f75459840b913307bd27d9cf,
        type: 3}
      propertyPath: m_LocalPosition.x
      value: 8.927038
      objectReference: {fileID: 0}
    - target: {fileID: 7981686893362246220, guid: 5ec775a8f75459840b913307bd27d9cf,
        type: 3}
      propertyPath: m_LocalPosition.y
      value: 0.55103374
      objectReference: {fileID: 0}
    - target: {fileID: 7981686893362246220, guid: 5ec775a8f75459840b913307bd27d9cf,
        type: 3}
      propertyPath: m_LocalPosition.z
      value: -24.688635
      objectReference: {fileID: 0}
    - target: {fileID: 7981686893362246220, guid: 5ec775a8f75459840b913307bd27d9cf,
        type: 3}
      propertyPath: m_LocalRotation.x
      value: -0.00019483265
      objectReference: {fileID: 0}
    - target: {fileID: 7981686893362246220, guid: 5ec775a8f75459840b913307bd27d9cf,
        type: 3}
      propertyPath: m_LocalRotation.y
      value: 0.70710677
      objectReference: {fileID: 0}
    - target: {fileID: 7981686893362246220, guid: 5ec775a8f75459840b913307bd27d9cf,
        type: 3}
      propertyPath: m_LocalRotation.z
      value: -0.70710677
      objectReference: {fileID: 0}
    - target: {fileID: 7981686893362246220, guid: 5ec775a8f75459840b913307bd27d9cf,
        type: 3}
      propertyPath: m_LocalRotation.w
      value: -0.00019483265
      objectReference: {fileID: 0}
    - target: {fileID: 7981686893362246220, guid: 5ec775a8f75459840b913307bd27d9cf,
        type: 3}
      propertyPath: m_RootOrder
      value: 17
      objectReference: {fileID: 0}
    - target: {fileID: 7981686893362246220, guid: 5ec775a8f75459840b913307bd27d9cf,
        type: 3}
      propertyPath: m_LocalEulerAnglesHint.x
      value: 90.00001
      objectReference: {fileID: 0}
    - target: {fileID: 7981686893362246220, guid: 5ec775a8f75459840b913307bd27d9cf,
        type: 3}
      propertyPath: m_LocalEulerAnglesHint.y
      value: 0
      objectReference: {fileID: 0}
    - target: {fileID: 7981686893362246220, guid: 5ec775a8f75459840b913307bd27d9cf,
        type: 3}
      propertyPath: m_LocalEulerAnglesHint.z
      value: -180.032
      objectReference: {fileID: 0}
    - target: {fileID: 7981686893362246220, guid: 5ec775a8f75459840b913307bd27d9cf,
        type: 3}
      propertyPath: m_LocalScale.x
      value: 0.011000001
      objectReference: {fileID: 0}
    - target: {fileID: 7981686893362246220, guid: 5ec775a8f75459840b913307bd27d9cf,
        type: 3}
      propertyPath: m_LocalScale.y
      value: 0.011000001
      objectReference: {fileID: 0}
    m_RemovedComponents: []
  m_SourcePrefab: {fileID: 100100000, guid: 5ec775a8f75459840b913307bd27d9cf, type: 3}
--- !u!4 &1305526884114492984 stripped
Transform:
  m_CorrespondingSourceObject: {fileID: 7981686893362246220, guid: 5ec775a8f75459840b913307bd27d9cf,
    type: 3}
  m_PrefabInstance: {fileID: 8996657379640777844}
  m_PrefabAsset: {fileID: 0}
--- !u!1001 &8996657379905635725
PrefabInstance:
  m_ObjectHideFlags: 0
  serializedVersion: 2
  m_Modification:
    m_TransformParent: {fileID: 8996657379652765983}
    m_Modifications:
    - target: {fileID: 8146897328669129391, guid: eaa60d4eee2c18143b55501cd0a2e03c,
        type: 3}
      propertyPath: m_LocalPosition.x
      value: -9.712961
      objectReference: {fileID: 0}
    - target: {fileID: 8146897328669129391, guid: eaa60d4eee2c18143b55501cd0a2e03c,
        type: 3}
      propertyPath: m_LocalPosition.y
      value: -0.00022506714
      objectReference: {fileID: 0}
    - target: {fileID: 8146897328669129391, guid: eaa60d4eee2c18143b55501cd0a2e03c,
        type: 3}
      propertyPath: m_LocalPosition.z
      value: -1.358633
      objectReference: {fileID: 0}
    - target: {fileID: 8146897328669129391, guid: eaa60d4eee2c18143b55501cd0a2e03c,
        type: 3}
      propertyPath: m_LocalRotation.x
      value: -0
      objectReference: {fileID: 0}
    - target: {fileID: 8146897328669129391, guid: eaa60d4eee2c18143b55501cd0a2e03c,
        type: 3}
      propertyPath: m_LocalRotation.y
      value: -0
      objectReference: {fileID: 0}
    - target: {fileID: 8146897328669129391, guid: eaa60d4eee2c18143b55501cd0a2e03c,
        type: 3}
      propertyPath: m_LocalRotation.z
      value: -0
      objectReference: {fileID: 0}
    - target: {fileID: 8146897328669129391, guid: eaa60d4eee2c18143b55501cd0a2e03c,
        type: 3}
      propertyPath: m_LocalRotation.w
      value: 1
      objectReference: {fileID: 0}
    - target: {fileID: 8146897328669129391, guid: eaa60d4eee2c18143b55501cd0a2e03c,
        type: 3}
      propertyPath: m_RootOrder
      value: 7
      objectReference: {fileID: 0}
    - target: {fileID: 8146897328669129391, guid: eaa60d4eee2c18143b55501cd0a2e03c,
        type: 3}
      propertyPath: m_LocalEulerAnglesHint.x
      value: 0
      objectReference: {fileID: 0}
    - target: {fileID: 8146897328669129391, guid: eaa60d4eee2c18143b55501cd0a2e03c,
        type: 3}
      propertyPath: m_LocalEulerAnglesHint.y
      value: 0
      objectReference: {fileID: 0}
    - target: {fileID: 8146897328669129391, guid: eaa60d4eee2c18143b55501cd0a2e03c,
        type: 3}
      propertyPath: m_LocalEulerAnglesHint.z
      value: 0
      objectReference: {fileID: 0}
    - target: {fileID: 8810245215573418005, guid: eaa60d4eee2c18143b55501cd0a2e03c,
        type: 3}
      propertyPath: m_Name
      value: stolik (1)
      objectReference: {fileID: 0}
    m_RemovedComponents: []
  m_SourcePrefab: {fileID: 100100000, guid: eaa60d4eee2c18143b55501cd0a2e03c, type: 3}
--- !u!4 &996733458469027618 stripped
Transform:
  m_CorrespondingSourceObject: {fileID: 8146897328669129391, guid: eaa60d4eee2c18143b55501cd0a2e03c,
    type: 3}
  m_PrefabInstance: {fileID: 8996657379905635725}
  m_PrefabAsset: {fileID: 0}
